@book{peliti2011statistical,
  title={Statistical mechanics in a nutshell},
  author={Peliti, Luca},
  year={2011},
  publisher={Princeton University Press}
}